%YAML 1.1
%TAG !u! tag:unity3d.com,2011:
--- !u!29 &1
OcclusionCullingSettings:
  m_ObjectHideFlags: 0
  serializedVersion: 2
  m_OcclusionBakeSettings:
    smallestOccluder: 5
    smallestHole: 0.25
    backfaceThreshold: 100
  m_SceneGUID: 00000000000000000000000000000000
  m_OcclusionCullingData: {fileID: 0}
--- !u!104 &2
RenderSettings:
  m_ObjectHideFlags: 0
  serializedVersion: 9
  m_Fog: 0
  m_FogColor: {r: 0.5, g: 0.5, b: 0.5, a: 1}
  m_FogMode: 3
  m_FogDensity: 0.01
  m_LinearFogStart: 0
  m_LinearFogEnd: 300
  m_AmbientSkyColor: {r: 0.212, g: 0.227, b: 0.259, a: 1}
  m_AmbientEquatorColor: {r: 0.114, g: 0.125, b: 0.133, a: 1}
  m_AmbientGroundColor: {r: 0.047, g: 0.043, b: 0.035, a: 1}
  m_AmbientIntensity: 1
  m_AmbientMode: 3
  m_SubtractiveShadowColor: {r: 0.42, g: 0.478, b: 0.627, a: 1}
  m_SkyboxMaterial: {fileID: 0}
  m_HaloStrength: 0.5
  m_FlareStrength: 1
  m_FlareFadeSpeed: 3
  m_HaloTexture: {fileID: 0}
  m_SpotCookie: {fileID: 10001, guid: 0000000000000000e000000000000000, type: 0}
  m_DefaultReflectionMode: 0
  m_DefaultReflectionResolution: 128
  m_ReflectionBounces: 1
  m_ReflectionIntensity: 1
  m_CustomReflection: {fileID: 0}
  m_Sun: {fileID: 0}
  m_IndirectSpecularColor: {r: 0, g: 0, b: 0, a: 1}
  m_UseRadianceAmbientProbe: 0
--- !u!157 &3
LightmapSettings:
  m_ObjectHideFlags: 0
  serializedVersion: 11
  m_GIWorkflowMode: 1
  m_GISettings:
    serializedVersion: 2
    m_BounceScale: 1
    m_IndirectOutputScale: 1
    m_AlbedoBoost: 1
    m_EnvironmentLightingMode: 0
    m_EnableBakedLightmaps: 0
    m_EnableRealtimeLightmaps: 0
  m_LightmapEditorSettings:
    serializedVersion: 12
    m_Resolution: 2
    m_BakeResolution: 40
    m_AtlasSize: 1024
    m_AO: 0
    m_AOMaxDistance: 1
    m_CompAOExponent: 1
    m_CompAOExponentDirect: 0
    m_ExtractAmbientOcclusion: 0
    m_Padding: 2
    m_LightmapParameters: {fileID: 0}
    m_LightmapsBakeMode: 1
    m_TextureCompression: 1
    m_FinalGather: 0
    m_FinalGatherFiltering: 1
    m_FinalGatherRayCount: 256
    m_ReflectionCompression: 2
    m_MixedBakeMode: 2
    m_BakeBackend: 1
    m_PVRSampling: 1
    m_PVRDirectSampleCount: 32
    m_PVRSampleCount: 512
    m_PVRBounces: 2
    m_PVREnvironmentSampleCount: 256
    m_PVREnvironmentReferencePointCount: 2048
    m_PVRFilteringMode: 1
    m_PVRDenoiserTypeDirect: 1
    m_PVRDenoiserTypeIndirect: 1
    m_PVRDenoiserTypeAO: 1
    m_PVRFilterTypeDirect: 0
    m_PVRFilterTypeIndirect: 0
    m_PVRFilterTypeAO: 0
    m_PVREnvironmentMIS: 1
    m_PVRCulling: 1
    m_PVRFilteringGaussRadiusDirect: 1
    m_PVRFilteringGaussRadiusIndirect: 5
    m_PVRFilteringGaussRadiusAO: 2
    m_PVRFilteringAtrousPositionSigmaDirect: 0.5
    m_PVRFilteringAtrousPositionSigmaIndirect: 2
    m_PVRFilteringAtrousPositionSigmaAO: 1
    m_ExportTrainingData: 0
    m_TrainingDataDestination: TrainingData
  m_LightingDataAsset: {fileID: 0}
  m_UseShadowmask: 1
--- !u!196 &4
NavMeshSettings:
  serializedVersion: 2
  m_ObjectHideFlags: 0
  m_BuildSettings:
    serializedVersion: 2
    agentTypeID: 0
    agentRadius: 0.5
    agentHeight: 2
    agentSlope: 45
    agentClimb: 0.4
    ledgeDropHeight: 0
    maxJumpAcrossDistance: 0
    minRegionArea: 2
    manualCellSize: 0
    cellSize: 0.16666667
    manualTileSize: 0
    tileSize: 256
    accuratePlacement: 0
    debug:
      m_Flags: 0
  m_NavMeshData: {fileID: 0}
--- !u!1001 &189754016
PrefabInstance:
  m_ObjectHideFlags: 0
  serializedVersion: 2
  m_Modification:
    m_TransformParent: {fileID: 0}
    m_Modifications:
    - target: {fileID: 8333418307811095815, guid: 5d277156e74033c43ac17b363ed11d8b,
        type: 3}
      propertyPath: m_LocalPosition.x
      value: 0
      objectReference: {fileID: 0}
    - target: {fileID: 8333418307811095815, guid: 5d277156e74033c43ac17b363ed11d8b,
        type: 3}
      propertyPath: m_LocalPosition.y
      value: 0
      objectReference: {fileID: 0}
    - target: {fileID: 8333418307811095815, guid: 5d277156e74033c43ac17b363ed11d8b,
        type: 3}
      propertyPath: m_LocalPosition.z
      value: 0
      objectReference: {fileID: 0}
    - target: {fileID: 8333418307811095815, guid: 5d277156e74033c43ac17b363ed11d8b,
        type: 3}
      propertyPath: m_LocalRotation.x
      value: 0
      objectReference: {fileID: 0}
    - target: {fileID: 8333418307811095815, guid: 5d277156e74033c43ac17b363ed11d8b,
        type: 3}
      propertyPath: m_LocalRotation.y
      value: 0
      objectReference: {fileID: 0}
    - target: {fileID: 8333418307811095815, guid: 5d277156e74033c43ac17b363ed11d8b,
        type: 3}
      propertyPath: m_LocalRotation.z
      value: 0
      objectReference: {fileID: 0}
    - target: {fileID: 8333418307811095815, guid: 5d277156e74033c43ac17b363ed11d8b,
        type: 3}
      propertyPath: m_LocalRotation.w
      value: 1
      objectReference: {fileID: 0}
    - target: {fileID: 8333418307811095815, guid: 5d277156e74033c43ac17b363ed11d8b,
        type: 3}
      propertyPath: m_RootOrder
      value: 9
      objectReference: {fileID: 0}
    - target: {fileID: 8333418307811095815, guid: 5d277156e74033c43ac17b363ed11d8b,
        type: 3}
      propertyPath: m_LocalEulerAnglesHint.x
      value: 0
      objectReference: {fileID: 0}
    - target: {fileID: 8333418307811095815, guid: 5d277156e74033c43ac17b363ed11d8b,
        type: 3}
      propertyPath: m_LocalEulerAnglesHint.y
      value: 0
      objectReference: {fileID: 0}
    - target: {fileID: 8333418307811095815, guid: 5d277156e74033c43ac17b363ed11d8b,
        type: 3}
      propertyPath: m_LocalEulerAnglesHint.z
      value: 0
      objectReference: {fileID: 0}
    - target: {fileID: 8333418307811095816, guid: 5d277156e74033c43ac17b363ed11d8b,
        type: 3}
      propertyPath: numeroBotones
      value: 3
      objectReference: {fileID: 0}
    - target: {fileID: 8333418307811095816, guid: 5d277156e74033c43ac17b363ed11d8b,
        type: 3}
      propertyPath: nivel
      value: 
      objectReference: {fileID: 2072105168}
    - target: {fileID: 8333418307811095817, guid: 5d277156e74033c43ac17b363ed11d8b,
        type: 3}
      propertyPath: m_Name
      value: ControladorJuego
      objectReference: {fileID: 0}
    m_RemovedComponents: []
  m_SourcePrefab: {fileID: 100100000, guid: 5d277156e74033c43ac17b363ed11d8b, type: 3}
--- !u!1 &189754017 stripped
GameObject:
  m_CorrespondingSourceObject: {fileID: 8333418307811095817, guid: 5d277156e74033c43ac17b363ed11d8b,
    type: 3}
  m_PrefabInstance: {fileID: 189754016}
  m_PrefabAsset: {fileID: 0}
--- !u!114 &189754018 stripped
MonoBehaviour:
  m_CorrespondingSourceObject: {fileID: 8333418307811095816, guid: 5d277156e74033c43ac17b363ed11d8b,
    type: 3}
  m_PrefabInstance: {fileID: 189754016}
  m_PrefabAsset: {fileID: 0}
  m_GameObject: {fileID: 189754017}
  m_Enabled: 1
  m_EditorHideFlags: 0
  m_Script: {fileID: 11500000, guid: 5912be9d3993c4d4fa05dc208561f341, type: 3}
  m_Name: 
  m_EditorClassIdentifier: 
--- !u!1 &564314078 stripped
GameObject:
  m_CorrespondingSourceObject: {fileID: 3892218398545146673, guid: cd0aaa3bafc04e04ba74166235a4f38d,
    type: 3}
  m_PrefabInstance: {fileID: 3892218397985295599}
  m_PrefabAsset: {fileID: 0}
--- !u!65 &564314079
BoxCollider:
  m_ObjectHideFlags: 0
  m_CorrespondingSourceObject: {fileID: 0}
  m_PrefabInstance: {fileID: 0}
  m_PrefabAsset: {fileID: 0}
  m_GameObject: {fileID: 564314078}
  m_Material: {fileID: 0}
  m_IsTrigger: 1
  m_Enabled: 1
  serializedVersion: 2
  m_Size: {x: 0.47000006, y: 0.48000005, z: 0.20000003}
  m_Center: {x: 0, y: 0, z: 0}
--- !u!4 &564314080 stripped
Transform:
  m_CorrespondingSourceObject: {fileID: 3892218398545146672, guid: cd0aaa3bafc04e04ba74166235a4f38d,
    type: 3}
  m_PrefabInstance: {fileID: 3892218397985295599}
  m_PrefabAsset: {fileID: 0}
--- !u!114 &564314081
MonoBehaviour:
  m_ObjectHideFlags: 0
  m_CorrespondingSourceObject: {fileID: 0}
  m_PrefabInstance: {fileID: 0}
  m_PrefabAsset: {fileID: 0}
  m_GameObject: {fileID: 564314078}
  m_Enabled: 1
  m_EditorHideFlags: 0
  m_Script: {fileID: 11500000, guid: 328f0cd02381d4c479c27c1df30ff600, type: 3}
  m_Name: 
  m_EditorClassIdentifier: 
  tiempo: 2
  idBoton: 0
  intensidadLuz: 0
  luz: {fileID: 0}
  Desactivando: 0
  Desactivado: 0
  Sonido: {fileID: 0}
  controlador: {fileID: 189754018}
--- !u!1 &642420765
GameObject:
  m_ObjectHideFlags: 0
  m_CorrespondingSourceObject: {fileID: 0}
  m_PrefabInstance: {fileID: 0}
  m_PrefabAsset: {fileID: 0}
  serializedVersion: 6
  m_Component:
  - component: {fileID: 642420766}
  - component: {fileID: 642420767}
  m_Layer: 17
  m_Name: Spot LightRojoF
  m_TagString: Untagged
  m_Icon: {fileID: 0}
  m_NavMeshLayer: 0
  m_StaticEditorFlags: 0
  m_IsActive: 1
--- !u!4 &642420766
Transform:
  m_ObjectHideFlags: 0
  m_CorrespondingSourceObject: {fileID: 0}
  m_PrefabInstance: {fileID: 0}
  m_PrefabAsset: {fileID: 0}
  m_GameObject: {fileID: 642420765}
  m_LocalRotation: {x: 0.039567973, y: -0, z: -0, w: 0.9992169}
  m_LocalPosition: {x: 0, y: 0.099, z: -1.1119999}
  m_LocalScale: {x: 0.22495534, y: 0.22495532, z: 0.22495532}
  m_Children: []
  m_Father: {fileID: 3892218397985295604}
  m_RootOrder: 0
  m_LocalEulerAnglesHint: {x: 4.5350003, y: 0, z: 0}
--- !u!108 &642420767
Light:
  m_ObjectHideFlags: 0
  m_CorrespondingSourceObject: {fileID: 0}
  m_PrefabInstance: {fileID: 0}
  m_PrefabAsset: {fileID: 0}
  m_GameObject: {fileID: 642420765}
  m_Enabled: 1
  serializedVersion: 9
  m_Type: 0
  m_Color: {r: 1, g: 0, b: 0, a: 1}
  m_Intensity: 52.56
  m_Range: 6.6724067
  m_SpotAngle: 30.810564
  m_InnerSpotAngle: 20.742613
  m_CookieSize: 10
  m_Shadows:
    m_Type: 0
    m_Resolution: -1
    m_CustomResolution: -1
    m_Strength: 1
    m_Bias: 0.05
    m_NormalBias: 0.4
    m_NearPlane: 0.2
    m_CullingMatrixOverride:
      e00: 1
      e01: 0
      e02: 0
      e03: 0
      e10: 0
      e11: 1
      e12: 0
      e13: 0
      e20: 0
      e21: 0
      e22: 1
      e23: 0
      e30: 0
      e31: 0
      e32: 0
      e33: 1
    m_UseCullingMatrixOverride: 0
  m_Cookie: {fileID: 0}
  m_DrawHalo: 0
  m_Flare: {fileID: 0}
  m_RenderMode: 0
  m_CullingMask:
    serializedVersion: 2
    m_Bits: 8192
  m_RenderingLayerMask: 1
  m_Lightmapping: 4
  m_LightShadowCasterMode: 0
  m_AreaSize: {x: 1, y: 1}
  m_BounceIntensity: 1
  m_ColorTemperature: 6570
  m_UseColorTemperature: 0
  m_BoundingSphereOverride: {x: 0, y: 0, z: 0, w: 0}
  m_UseBoundingSphereOverride: 0
  m_ShadowRadius: 0
  m_ShadowAngle: 0
--- !u!1 &1064958796
GameObject:
  m_ObjectHideFlags: 0
  m_CorrespondingSourceObject: {fileID: 0}
  m_PrefabInstance: {fileID: 0}
  m_PrefabAsset: {fileID: 0}
  serializedVersion: 6
  m_Component:
  - component: {fileID: 1064958797}
  - component: {fileID: 1064958798}
  m_Layer: 18
  m_Name: 'Spot LightAzulF '
  m_TagString: Untagged
  m_Icon: {fileID: 0}
  m_NavMeshLayer: 0
  m_StaticEditorFlags: 0
  m_IsActive: 1
--- !u!4 &1064958797
Transform:
  m_ObjectHideFlags: 0
  m_CorrespondingSourceObject: {fileID: 0}
  m_PrefabInstance: {fileID: 0}
  m_PrefabAsset: {fileID: 0}
  m_GameObject: {fileID: 1064958796}
  m_LocalRotation: {x: 0.039567973, y: -0, z: -0, w: 0.9992169}
  m_LocalPosition: {x: -0.030541822, y: 0.096, z: -1.055}
  m_LocalScale: {x: 0.22457275, y: 0.22457272, z: 0.22457272}
  m_Children: []
  m_Father: {fileID: 3892218397985295607}
  m_RootOrder: 0
  m_LocalEulerAnglesHint: {x: 4.5350003, y: 0, z: 0}
--- !u!108 &1064958798
Light:
  m_ObjectHideFlags: 0
  m_CorrespondingSourceObject: {fileID: 0}
  m_PrefabInstance: {fileID: 0}
  m_PrefabAsset: {fileID: 0}
  m_GameObject: {fileID: 1064958796}
  m_Enabled: 1
  serializedVersion: 9
  m_Type: 0
  m_Color: {r: 0, g: 0.11449838, b: 1, a: 1}
  m_Intensity: 52.56
  m_Range: 6.6724067
  m_SpotAngle: 34.543716
  m_InnerSpotAngle: 10.793988
  m_CookieSize: 10
  m_Shadows:
    m_Type: 0
    m_Resolution: -1
    m_CustomResolution: -1
    m_Strength: 1
    m_Bias: 0.05
    m_NormalBias: 0.4
    m_NearPlane: 0.2
    m_CullingMatrixOverride:
      e00: 1
      e01: 0
      e02: 0
      e03: 0
      e10: 0
      e11: 1
      e12: 0
      e13: 0
      e20: 0
      e21: 0
      e22: 1
      e23: 0
      e30: 0
      e31: 0
      e32: 0
      e33: 1
    m_UseCullingMatrixOverride: 0
  m_Cookie: {fileID: 0}
  m_DrawHalo: 1
  m_Flare: {fileID: 0}
  m_RenderMode: 0
  m_CullingMask:
    serializedVersion: 2
    m_Bits: 4096
  m_RenderingLayerMask: 1
  m_Lightmapping: 4
  m_LightShadowCasterMode: 0
  m_AreaSize: {x: 1, y: 1}
  m_BounceIntensity: 1
  m_ColorTemperature: 6570
  m_UseColorTemperature: 0
  m_BoundingSphereOverride: {x: 0, y: 0, z: 0, w: 0}
  m_UseBoundingSphereOverride: 0
  m_ShadowRadius: 0
  m_ShadowAngle: 0
--- !u!1001 &1109535689
PrefabInstance:
  m_ObjectHideFlags: 0
  serializedVersion: 2
  m_Modification:
    m_TransformParent: {fileID: 0}
    m_Modifications:
    - target: {fileID: 2996846428501560006, guid: cbfd5b86e0a4ffe4180f70c9b02a3b0f,
        type: 3}
      propertyPath: m_Name
      value: Will-e
      objectReference: {fileID: 0}
    - target: {fileID: 2996846428501560007, guid: cbfd5b86e0a4ffe4180f70c9b02a3b0f,
        type: 3}
      propertyPath: m_LocalPosition.x
      value: 0
      objectReference: {fileID: 0}
    - target: {fileID: 2996846428501560007, guid: cbfd5b86e0a4ffe4180f70c9b02a3b0f,
        type: 3}
      propertyPath: m_LocalPosition.y
      value: 0
      objectReference: {fileID: 0}
    - target: {fileID: 2996846428501560007, guid: cbfd5b86e0a4ffe4180f70c9b02a3b0f,
        type: 3}
      propertyPath: m_LocalPosition.z
      value: 0
      objectReference: {fileID: 0}
    - target: {fileID: 2996846428501560007, guid: cbfd5b86e0a4ffe4180f70c9b02a3b0f,
        type: 3}
      propertyPath: m_LocalRotation.x
      value: 0
      objectReference: {fileID: 0}
    - target: {fileID: 2996846428501560007, guid: cbfd5b86e0a4ffe4180f70c9b02a3b0f,
        type: 3}
      propertyPath: m_LocalRotation.y
      value: 0
      objectReference: {fileID: 0}
    - target: {fileID: 2996846428501560007, guid: cbfd5b86e0a4ffe4180f70c9b02a3b0f,
        type: 3}
      propertyPath: m_LocalRotation.z
      value: 0
      objectReference: {fileID: 0}
    - target: {fileID: 2996846428501560007, guid: cbfd5b86e0a4ffe4180f70c9b02a3b0f,
        type: 3}
      propertyPath: m_LocalRotation.w
      value: 1
      objectReference: {fileID: 0}
    - target: {fileID: 2996846428501560007, guid: cbfd5b86e0a4ffe4180f70c9b02a3b0f,
        type: 3}
      propertyPath: m_RootOrder
      value: 7
      objectReference: {fileID: 0}
    - target: {fileID: 2996846428501560007, guid: cbfd5b86e0a4ffe4180f70c9b02a3b0f,
        type: 3}
      propertyPath: m_LocalEulerAnglesHint.x
      value: 0
      objectReference: {fileID: 0}
    - target: {fileID: 2996846428501560007, guid: cbfd5b86e0a4ffe4180f70c9b02a3b0f,
        type: 3}
      propertyPath: m_LocalEulerAnglesHint.y
      value: 0
      objectReference: {fileID: 0}
    - target: {fileID: 2996846428501560007, guid: cbfd5b86e0a4ffe4180f70c9b02a3b0f,
        type: 3}
      propertyPath: m_LocalEulerAnglesHint.z
      value: 0
      objectReference: {fileID: 0}
    - target: {fileID: 5078666807489986016, guid: cbfd5b86e0a4ffe4180f70c9b02a3b0f,
        type: 3}
      propertyPath: camara
      value: 
      objectReference: {fileID: 1933305064}
    m_RemovedComponents: []
  m_SourcePrefab: {fileID: 100100000, guid: cbfd5b86e0a4ffe4180f70c9b02a3b0f, type: 3}
--- !u!1 &1109535690 stripped
GameObject:
  m_CorrespondingSourceObject: {fileID: 5078666808439190673, guid: cbfd5b86e0a4ffe4180f70c9b02a3b0f,
    type: 3}
  m_PrefabInstance: {fileID: 1109535689}
  m_PrefabAsset: {fileID: 0}
--- !u!1 &1109535691 stripped
GameObject:
  m_CorrespondingSourceObject: {fileID: 5078666807534233634, guid: cbfd5b86e0a4ffe4180f70c9b02a3b0f,
    type: 3}
  m_PrefabInstance: {fileID: 1109535689}
  m_PrefabAsset: {fileID: 0}
--- !u!1001 &1161511860
PrefabInstance:
  m_ObjectHideFlags: 0
  serializedVersion: 2
  m_Modification:
    m_TransformParent: {fileID: 0}
    m_Modifications:
    - target: {fileID: 5882714433271226104, guid: ea87c1fa464aff444a0c5247210468b3,
        type: 3}
      propertyPath: m_Name
      value: RayasVerticales
      objectReference: {fileID: 0}
    - target: {fileID: 5882714433271226105, guid: ea87c1fa464aff444a0c5247210468b3,
        type: 3}
      propertyPath: m_LocalPosition.x
      value: 0
      objectReference: {fileID: 0}
    - target: {fileID: 5882714433271226105, guid: ea87c1fa464aff444a0c5247210468b3,
        type: 3}
      propertyPath: m_LocalPosition.y
      value: -0.66
      objectReference: {fileID: 0}
    - target: {fileID: 5882714433271226105, guid: ea87c1fa464aff444a0c5247210468b3,
        type: 3}
      propertyPath: m_LocalPosition.z
      value: 0
      objectReference: {fileID: 0}
    - target: {fileID: 5882714433271226105, guid: ea87c1fa464aff444a0c5247210468b3,
        type: 3}
      propertyPath: m_LocalRotation.x
      value: 0
      objectReference: {fileID: 0}
    - target: {fileID: 5882714433271226105, guid: ea87c1fa464aff444a0c5247210468b3,
        type: 3}
      propertyPath: m_LocalRotation.y
      value: 0
      objectReference: {fileID: 0}
    - target: {fileID: 5882714433271226105, guid: ea87c1fa464aff444a0c5247210468b3,
        type: 3}
      propertyPath: m_LocalRotation.z
      value: 0
      objectReference: {fileID: 0}
    - target: {fileID: 5882714433271226105, guid: ea87c1fa464aff444a0c5247210468b3,
        type: 3}
      propertyPath: m_LocalRotation.w
      value: 1
      objectReference: {fileID: 0}
    - target: {fileID: 5882714433271226105, guid: ea87c1fa464aff444a0c5247210468b3,
        type: 3}
      propertyPath: m_RootOrder
      value: 3
      objectReference: {fileID: 0}
    - target: {fileID: 5882714433271226105, guid: ea87c1fa464aff444a0c5247210468b3,
        type: 3}
      propertyPath: m_LocalEulerAnglesHint.x
      value: 0
      objectReference: {fileID: 0}
    - target: {fileID: 5882714433271226105, guid: ea87c1fa464aff444a0c5247210468b3,
        type: 3}
      propertyPath: m_LocalEulerAnglesHint.y
      value: 0
      objectReference: {fileID: 0}
    - target: {fileID: 5882714433271226105, guid: ea87c1fa464aff444a0c5247210468b3,
        type: 3}
      propertyPath: m_LocalEulerAnglesHint.z
      value: 0
      objectReference: {fileID: 0}
    m_RemovedComponents: []
  m_SourcePrefab: {fileID: 100100000, guid: ea87c1fa464aff444a0c5247210468b3, type: 3}
--- !u!1 &1365478215
GameObject:
  m_ObjectHideFlags: 0
  m_CorrespondingSourceObject: {fileID: 0}
  m_PrefabInstance: {fileID: 0}
  m_PrefabAsset: {fileID: 0}
  serializedVersion: 6
  m_Component:
  - component: {fileID: 1365478216}
  - component: {fileID: 1365478217}
  m_Layer: 19
  m_Name: Spot LightAmarilloF
  m_TagString: Untagged
  m_Icon: {fileID: 0}
  m_NavMeshLayer: 0
  m_StaticEditorFlags: 0
  m_IsActive: 1
--- !u!4 &1365478216
Transform:
  m_ObjectHideFlags: 0
  m_CorrespondingSourceObject: {fileID: 0}
  m_PrefabInstance: {fileID: 0}
  m_PrefabAsset: {fileID: 0}
  m_GameObject: {fileID: 1365478215}
  m_LocalRotation: {x: 0.029572753, y: 0.0048092753, z: 0.0008753707, w: 0.9995507}
  m_LocalPosition: {x: 0.0069999527, y: 0.087000005, z: -1.1060003}
  m_LocalScale: {x: 0.23191464, y: 0.23191461, z: 0.23191461}
  m_Children: []
  m_Father: {fileID: 564314080}
  m_RootOrder: 0
  m_LocalEulerAnglesHint: {x: 3.3890002, y: 0.555, z: 0.117000006}
--- !u!108 &1365478217
Light:
  m_ObjectHideFlags: 0
  m_CorrespondingSourceObject: {fileID: 0}
  m_PrefabInstance: {fileID: 0}
  m_PrefabAsset: {fileID: 0}
  m_GameObject: {fileID: 1365478215}
  m_Enabled: 1
  serializedVersion: 9
  m_Type: 0
  m_Color: {r: 0.94713116, g: 1, b: 0, a: 1}
  m_Intensity: 52.56
  m_Range: 6.6724067
  m_SpotAngle: 26.493866
  m_InnerSpotAngle: 10.793988
  m_CookieSize: 10
  m_Shadows:
    m_Type: 0
    m_Resolution: -1
    m_CustomResolution: -1
    m_Strength: 1
    m_Bias: 0.05
    m_NormalBias: 0.4
    m_NearPlane: 0.2
    m_CullingMatrixOverride:
      e00: 1
      e01: 0
      e02: 0
      e03: 0
      e10: 0
      e11: 1
      e12: 0
      e13: 0
      e20: 0
      e21: 0
      e22: 1
      e23: 0
      e30: 0
      e31: 0
      e32: 0
      e33: 1
    m_UseCullingMatrixOverride: 0
  m_Cookie: {fileID: 0}
  m_DrawHalo: 1
  m_Flare: {fileID: 0}
  m_RenderMode: 0
  m_CullingMask:
    serializedVersion: 2
    m_Bits: 524288
  m_RenderingLayerMask: 1
  m_Lightmapping: 4
  m_LightShadowCasterMode: 0
  m_AreaSize: {x: 1, y: 1}
  m_BounceIntensity: 1
  m_ColorTemperature: 6570
  m_UseColorTemperature: 0
  m_BoundingSphereOverride: {x: 0, y: 0, z: 0, w: 0}
  m_UseBoundingSphereOverride: 0
  m_ShadowRadius: 0
  m_ShadowAngle: 0
--- !u!1001 &1479757260
PrefabInstance:
  m_ObjectHideFlags: 0
  serializedVersion: 2
  m_Modification:
    m_TransformParent: {fileID: 0}
    m_Modifications:
    - target: {fileID: 6841918704307701347, guid: a7ebc38d66cb4f64b82f4ddee2749b1e,
        type: 3}
      propertyPath: m_Name
      value: RayasHorizontales
      objectReference: {fileID: 0}
    - target: {fileID: 6841918704307701348, guid: a7ebc38d66cb4f64b82f4ddee2749b1e,
        type: 3}
      propertyPath: m_LocalPosition.x
      value: 0
      objectReference: {fileID: 0}
    - target: {fileID: 6841918704307701348, guid: a7ebc38d66cb4f64b82f4ddee2749b1e,
        type: 3}
      propertyPath: m_LocalPosition.y
      value: -0.66
      objectReference: {fileID: 0}
    - target: {fileID: 6841918704307701348, guid: a7ebc38d66cb4f64b82f4ddee2749b1e,
        type: 3}
      propertyPath: m_LocalPosition.z
      value: 0
      objectReference: {fileID: 0}
    - target: {fileID: 6841918704307701348, guid: a7ebc38d66cb4f64b82f4ddee2749b1e,
        type: 3}
      propertyPath: m_LocalRotation.x
      value: 0
      objectReference: {fileID: 0}
    - target: {fileID: 6841918704307701348, guid: a7ebc38d66cb4f64b82f4ddee2749b1e,
        type: 3}
      propertyPath: m_LocalRotation.y
      value: 0
      objectReference: {fileID: 0}
    - target: {fileID: 6841918704307701348, guid: a7ebc38d66cb4f64b82f4ddee2749b1e,
        type: 3}
      propertyPath: m_LocalRotation.z
      value: 0
      objectReference: {fileID: 0}
    - target: {fileID: 6841918704307701348, guid: a7ebc38d66cb4f64b82f4ddee2749b1e,
        type: 3}
      propertyPath: m_LocalRotation.w
      value: 1
      objectReference: {fileID: 0}
    - target: {fileID: 6841918704307701348, guid: a7ebc38d66cb4f64b82f4ddee2749b1e,
        type: 3}
      propertyPath: m_RootOrder
      value: 2
      objectReference: {fileID: 0}
    - target: {fileID: 6841918704307701348, guid: a7ebc38d66cb4f64b82f4ddee2749b1e,
        type: 3}
      propertyPath: m_LocalEulerAnglesHint.x
      value: 0
      objectReference: {fileID: 0}
    - target: {fileID: 6841918704307701348, guid: a7ebc38d66cb4f64b82f4ddee2749b1e,
        type: 3}
      propertyPath: m_LocalEulerAnglesHint.y
      value: 0
      objectReference: {fileID: 0}
    - target: {fileID: 6841918704307701348, guid: a7ebc38d66cb4f64b82f4ddee2749b1e,
        type: 3}
      propertyPath: m_LocalEulerAnglesHint.z
      value: 0
      objectReference: {fileID: 0}
    m_RemovedComponents: []
  m_SourcePrefab: {fileID: 100100000, guid: a7ebc38d66cb4f64b82f4ddee2749b1e, type: 3}
--- !u!1 &1933305064
GameObject:
  m_ObjectHideFlags: 0
  m_CorrespondingSourceObject: {fileID: 0}
  m_PrefabInstance: {fileID: 0}
  m_PrefabAsset: {fileID: 0}
  serializedVersion: 6
  m_Component:
  - component: {fileID: 1933305067}
  - component: {fileID: 1933305066}
  - component: {fileID: 1933305065}
  m_Layer: 0
  m_Name: Main Camera
  m_TagString: MainCamera
  m_Icon: {fileID: 0}
  m_NavMeshLayer: 0
  m_StaticEditorFlags: 0
  m_IsActive: 1
--- !u!81 &1933305065
AudioListener:
  m_ObjectHideFlags: 0
  m_CorrespondingSourceObject: {fileID: 0}
  m_PrefabInstance: {fileID: 0}
  m_PrefabAsset: {fileID: 0}
  m_GameObject: {fileID: 1933305064}
  m_Enabled: 1
--- !u!20 &1933305066
Camera:
  m_ObjectHideFlags: 0
  m_CorrespondingSourceObject: {fileID: 0}
  m_PrefabInstance: {fileID: 0}
  m_PrefabAsset: {fileID: 0}
  m_GameObject: {fileID: 1933305064}
  m_Enabled: 1
  serializedVersion: 2
  m_ClearFlags: 1
  m_BackGroundColor: {r: 0.37855998, g: 0.40377405, b: 0.4433962, a: 0}
  m_projectionMatrixMode: 1
  m_GateFitMode: 2
  m_FOVAxisMode: 0
  m_SensorSize: {x: 36, y: 24}
  m_LensShift: {x: 0, y: 0}
  m_FocalLength: 50
  m_NormalizedViewPortRect:
    serializedVersion: 2
    x: 0
    y: 0
    width: 1
    height: 1
  near clip plane: 0.3
  far clip plane: 1000
  field of view: 60
  orthographic: 1
  orthographic size: 10
  m_Depth: -1
  m_CullingMask:
    serializedVersion: 2
    m_Bits: 4294967295
  m_RenderingPath: -1
  m_TargetTexture: {fileID: 0}
  m_TargetDisplay: 0
  m_TargetEye: 3
  m_HDR: 1
  m_AllowMSAA: 1
  m_AllowDynamicResolution: 0
  m_ForceIntoRT: 0
  m_OcclusionCulling: 1
  m_StereoConvergence: 10
  m_StereoSeparation: 0.022
--- !u!4 &1933305067
Transform:
  m_ObjectHideFlags: 0
  m_CorrespondingSourceObject: {fileID: 0}
  m_PrefabInstance: {fileID: 0}
  m_PrefabAsset: {fileID: 0}
  m_GameObject: {fileID: 1933305064}
  m_LocalRotation: {x: 0, y: 0, z: 0, w: 1}
  m_LocalPosition: {x: 0, y: 0, z: -20.06}
  m_LocalScale: {x: 1, y: 1, z: 1}
  m_Children: []
  m_Father: {fileID: 0}
  m_RootOrder: 0
  m_LocalEulerAnglesHint: {x: 0, y: 0, z: 0}
--- !u!1001 &1965122789
PrefabInstance:
  m_ObjectHideFlags: 0
  serializedVersion: 2
  m_Modification:
    m_TransformParent: {fileID: 0}
    m_Modifications:
    - target: {fileID: 693735553665447601, guid: 944712bc05a68a648b805be984b01e71,
        type: 3}
      propertyPath: m_LocalPosition.x
      value: 0
      objectReference: {fileID: 0}
    - target: {fileID: 693735553665447601, guid: 944712bc05a68a648b805be984b01e71,
        type: 3}
      propertyPath: m_LocalPosition.y
      value: -0.6
      objectReference: {fileID: 0}
    - target: {fileID: 693735553665447601, guid: 944712bc05a68a648b805be984b01e71,
        type: 3}
      propertyPath: m_LocalPosition.z
      value: 1
      objectReference: {fileID: 0}
    - target: {fileID: 693735553665447601, guid: 944712bc05a68a648b805be984b01e71,
        type: 3}
      propertyPath: m_LocalRotation.x
      value: 0
      objectReference: {fileID: 0}
    - target: {fileID: 693735553665447601, guid: 944712bc05a68a648b805be984b01e71,
        type: 3}
      propertyPath: m_LocalRotation.y
      value: 0
      objectReference: {fileID: 0}
    - target: {fileID: 693735553665447601, guid: 944712bc05a68a648b805be984b01e71,
        type: 3}
      propertyPath: m_LocalRotation.z
      value: 0
      objectReference: {fileID: 0}
    - target: {fileID: 693735553665447601, guid: 944712bc05a68a648b805be984b01e71,
        type: 3}
      propertyPath: m_LocalRotation.w
      value: 1
      objectReference: {fileID: 0}
    - target: {fileID: 693735553665447601, guid: 944712bc05a68a648b805be984b01e71,
        type: 3}
      propertyPath: m_RootOrder
      value: 1
      objectReference: {fileID: 0}
    - target: {fileID: 693735553665447601, guid: 944712bc05a68a648b805be984b01e71,
        type: 3}
      propertyPath: m_LocalEulerAnglesHint.x
      value: 0
      objectReference: {fileID: 0}
    - target: {fileID: 693735553665447601, guid: 944712bc05a68a648b805be984b01e71,
        type: 3}
      propertyPath: m_LocalEulerAnglesHint.y
      value: 0
      objectReference: {fileID: 0}
    - target: {fileID: 693735553665447601, guid: 944712bc05a68a648b805be984b01e71,
        type: 3}
      propertyPath: m_LocalEulerAnglesHint.z
      value: 0
      objectReference: {fileID: 0}
    - target: {fileID: 693735553665447614, guid: 944712bc05a68a648b805be984b01e71,
        type: 3}
      propertyPath: m_Color.a
      value: 0.9019608
      objectReference: {fileID: 0}
    - target: {fileID: 693735553665447615, guid: 944712bc05a68a648b805be984b01e71,
        type: 3}
      propertyPath: m_Name
      value: Fondo
      objectReference: {fileID: 0}
    m_RemovedComponents: []
  m_SourcePrefab: {fileID: 100100000, guid: 944712bc05a68a648b805be984b01e71, type: 3}
--- !u!1001 &2072105167
PrefabInstance:
  m_ObjectHideFlags: 0
  serializedVersion: 2
  m_Modification:
    m_TransformParent: {fileID: 0}
    m_Modifications:
    - target: {fileID: 2428261755075657259, guid: 26fc10fa10b824f4284a11bfd318c0f4,
        type: 3}
      propertyPath: m_OnClick.m_PersistentCalls.m_Calls.Array.data[0].m_Target
      value: 
      objectReference: {fileID: 1109535691}
    - target: {fileID: 2428261755075657259, guid: 26fc10fa10b824f4284a11bfd318c0f4,
        type: 3}
      propertyPath: m_OnClick.m_PersistentCalls.m_Calls.Array.data[0].m_MethodName
      value: SetActive
      objectReference: {fileID: 0}
    - target: {fileID: 2428261755075657259, guid: 26fc10fa10b824f4284a11bfd318c0f4,
        type: 3}
      propertyPath: m_OnClick.m_PersistentCalls.m_Calls.Array.data[1].m_Target
      value: 
      objectReference: {fileID: 1109535690}
    - target: {fileID: 2428261755075657259, guid: 26fc10fa10b824f4284a11bfd318c0f4,
        type: 3}
      propertyPath: m_OnClick.m_PersistentCalls.m_Calls.Array.data[1].m_MethodName
      value: SetActive
      objectReference: {fileID: 0}
    - target: {fileID: 2428261755075657259, guid: 26fc10fa10b824f4284a11bfd318c0f4,
        type: 3}
      propertyPath: m_OnClick.m_PersistentCalls.m_Calls.Array.data[2].m_Target
      value: 
      objectReference: {fileID: 189754017}
    - target: {fileID: 2428261755075657259, guid: 26fc10fa10b824f4284a11bfd318c0f4,
        type: 3}
      propertyPath: m_OnClick.m_PersistentCalls.m_Calls.Array.data[2].m_MethodName
      value: SetActive
      objectReference: {fileID: 0}
    - target: {fileID: 3959401197243323112, guid: 26fc10fa10b824f4284a11bfd318c0f4,
        type: 3}
      propertyPath: m_Name
      value: Canvas_HUD
      objectReference: {fileID: 0}
    - target: {fileID: 3959401197243323116, guid: 26fc10fa10b824f4284a11bfd318c0f4,
        type: 3}
      propertyPath: m_LocalPosition.x
      value: 0
      objectReference: {fileID: 0}
    - target: {fileID: 3959401197243323116, guid: 26fc10fa10b824f4284a11bfd318c0f4,
        type: 3}
      propertyPath: m_LocalPosition.y
      value: 0
      objectReference: {fileID: 0}
    - target: {fileID: 3959401197243323116, guid: 26fc10fa10b824f4284a11bfd318c0f4,
        type: 3}
      propertyPath: m_LocalPosition.z
      value: 0
      objectReference: {fileID: 0}
    - target: {fileID: 3959401197243323116, guid: 26fc10fa10b824f4284a11bfd318c0f4,
        type: 3}
      propertyPath: m_LocalRotation.x
      value: 0
      objectReference: {fileID: 0}
    - target: {fileID: 3959401197243323116, guid: 26fc10fa10b824f4284a11bfd318c0f4,
        type: 3}
      propertyPath: m_LocalRotation.y
      value: 0
      objectReference: {fileID: 0}
    - target: {fileID: 3959401197243323116, guid: 26fc10fa10b824f4284a11bfd318c0f4,
        type: 3}
      propertyPath: m_LocalRotation.z
      value: 0
      objectReference: {fileID: 0}
    - target: {fileID: 3959401197243323116, guid: 26fc10fa10b824f4284a11bfd318c0f4,
        type: 3}
      propertyPath: m_LocalRotation.w
      value: 1
      objectReference: {fileID: 0}
    - target: {fileID: 3959401197243323116, guid: 26fc10fa10b824f4284a11bfd318c0f4,
        type: 3}
      propertyPath: m_RootOrder
      value: 8
      objectReference: {fileID: 0}
    - target: {fileID: 3959401197243323116, guid: 26fc10fa10b824f4284a11bfd318c0f4,
        type: 3}
      propertyPath: m_LocalEulerAnglesHint.x
      value: 0
      objectReference: {fileID: 0}
    - target: {fileID: 3959401197243323116, guid: 26fc10fa10b824f4284a11bfd318c0f4,
        type: 3}
      propertyPath: m_LocalEulerAnglesHint.y
      value: 0
      objectReference: {fileID: 0}
    - target: {fileID: 3959401197243323116, guid: 26fc10fa10b824f4284a11bfd318c0f4,
        type: 3}
      propertyPath: m_LocalEulerAnglesHint.z
      value: 0
      objectReference: {fileID: 0}
    - target: {fileID: 3959401197243323116, guid: 26fc10fa10b824f4284a11bfd318c0f4,
        type: 3}
      propertyPath: m_AnchoredPosition.x
      value: 0
      objectReference: {fileID: 0}
    - target: {fileID: 3959401197243323116, guid: 26fc10fa10b824f4284a11bfd318c0f4,
        type: 3}
      propertyPath: m_AnchoredPosition.y
      value: 0
      objectReference: {fileID: 0}
    - target: {fileID: 3959401197243323116, guid: 26fc10fa10b824f4284a11bfd318c0f4,
        type: 3}
      propertyPath: m_SizeDelta.x
      value: 0
      objectReference: {fileID: 0}
    - target: {fileID: 3959401197243323116, guid: 26fc10fa10b824f4284a11bfd318c0f4,
        type: 3}
      propertyPath: m_SizeDelta.y
      value: 0
      objectReference: {fileID: 0}
    - target: {fileID: 3959401197243323116, guid: 26fc10fa10b824f4284a11bfd318c0f4,
        type: 3}
      propertyPath: m_AnchorMin.x
      value: 0
      objectReference: {fileID: 0}
    - target: {fileID: 3959401197243323116, guid: 26fc10fa10b824f4284a11bfd318c0f4,
        type: 3}
      propertyPath: m_AnchorMin.y
      value: 0
      objectReference: {fileID: 0}
    - target: {fileID: 3959401197243323116, guid: 26fc10fa10b824f4284a11bfd318c0f4,
        type: 3}
      propertyPath: m_AnchorMax.x
      value: 0
      objectReference: {fileID: 0}
    - target: {fileID: 3959401197243323116, guid: 26fc10fa10b824f4284a11bfd318c0f4,
        type: 3}
      propertyPath: m_AnchorMax.y
      value: 0
      objectReference: {fileID: 0}
    - target: {fileID: 3959401197243323116, guid: 26fc10fa10b824f4284a11bfd318c0f4,
        type: 3}
      propertyPath: m_Pivot.x
      value: 0
      objectReference: {fileID: 0}
    - target: {fileID: 3959401197243323116, guid: 26fc10fa10b824f4284a11bfd318c0f4,
        type: 3}
      propertyPath: m_Pivot.y
      value: 0
      objectReference: {fileID: 0}
    m_RemovedComponents: []
  m_SourcePrefab: {fileID: 100100000, guid: 26fc10fa10b824f4284a11bfd318c0f4, type: 3}
--- !u!114 &2072105168 stripped
MonoBehaviour:
  m_CorrespondingSourceObject: {fileID: 3959401197911570867, guid: 26fc10fa10b824f4284a11bfd318c0f4,
    type: 3}
  m_PrefabInstance: {fileID: 2072105167}
  m_PrefabAsset: {fileID: 0}
  m_GameObject: {fileID: 0}
  m_Enabled: 1
  m_EditorHideFlags: 0
  m_Script: {fileID: 11500000, guid: 5f7201a12d95ffc409449d95f23cf332, type: 3}
  m_Name: 
  m_EditorClassIdentifier: 
--- !u!1001 &3892218397985295599
PrefabInstance:
  m_ObjectHideFlags: 0
  serializedVersion: 2
  m_Modification:
    m_TransformParent: {fileID: 0}
    m_Modifications:
    - target: {fileID: 311715902511550370, guid: cd0aaa3bafc04e04ba74166235a4f38d,
        type: 3}
      propertyPath: m_Layer
      value: 18
      objectReference: {fileID: 0}
    - target: {fileID: 3380762200182124698, guid: cd0aaa3bafc04e04ba74166235a4f38d,
        type: 3}
      propertyPath: m_Layer
      value: 17
      objectReference: {fileID: 0}
    - target: {fileID: 3892218398117526348, guid: cd0aaa3bafc04e04ba74166235a4f38d,
        type: 3}
      propertyPath: m_LocalPosition.x
      value: 0
      objectReference: {fileID: 0}
    - target: {fileID: 3892218398117526348, guid: cd0aaa3bafc04e04ba74166235a4f38d,
        type: 3}
      propertyPath: m_LocalPosition.y
      value: 0
      objectReference: {fileID: 0}
    - target: {fileID: 3892218398117526348, guid: cd0aaa3bafc04e04ba74166235a4f38d,
        type: 3}
      propertyPath: m_LocalPosition.z
      value: 0
      objectReference: {fileID: 0}
    - target: {fileID: 3892218398117526348, guid: cd0aaa3bafc04e04ba74166235a4f38d,
        type: 3}
      propertyPath: m_LocalRotation.x
      value: 0
      objectReference: {fileID: 0}
    - target: {fileID: 3892218398117526348, guid: cd0aaa3bafc04e04ba74166235a4f38d,
        type: 3}
      propertyPath: m_LocalRotation.y
      value: 0
      objectReference: {fileID: 0}
    - target: {fileID: 3892218398117526348, guid: cd0aaa3bafc04e04ba74166235a4f38d,
        type: 3}
      propertyPath: m_LocalRotation.z
      value: 0
      objectReference: {fileID: 0}
    - target: {fileID: 3892218398117526348, guid: cd0aaa3bafc04e04ba74166235a4f38d,
        type: 3}
      propertyPath: m_LocalRotation.w
      value: 1
      objectReference: {fileID: 0}
    - target: {fileID: 3892218398117526348, guid: cd0aaa3bafc04e04ba74166235a4f38d,
        type: 3}
      propertyPath: m_RootOrder
      value: 5
      objectReference: {fileID: 0}
    - target: {fileID: 3892218398117526348, guid: cd0aaa3bafc04e04ba74166235a4f38d,
        type: 3}
      propertyPath: m_LocalEulerAnglesHint.x
      value: 0
      objectReference: {fileID: 0}
    - target: {fileID: 3892218398117526348, guid: cd0aaa3bafc04e04ba74166235a4f38d,
        type: 3}
      propertyPath: m_LocalEulerAnglesHint.y
      value: 0
      objectReference: {fileID: 0}
    - target: {fileID: 3892218398117526348, guid: cd0aaa3bafc04e04ba74166235a4f38d,
        type: 3}
      propertyPath: m_LocalEulerAnglesHint.z
      value: 0
      objectReference: {fileID: 0}
    - target: {fileID: 3892218398117526349, guid: cd0aaa3bafc04e04ba74166235a4f38d,
        type: 3}
      propertyPath: m_Name
      value: botones
      objectReference: {fileID: 0}
    m_RemovedComponents: []
  m_SourcePrefab: {fileID: 100100000, guid: cd0aaa3bafc04e04ba74166235a4f38d, type: 3}
--- !u!1 &3892218397985295600 stripped
GameObject:
  m_CorrespondingSourceObject: {fileID: 3380762200182124698, guid: cd0aaa3bafc04e04ba74166235a4f38d,
    type: 3}
  m_PrefabInstance: {fileID: 3892218397985295599}
  m_PrefabAsset: {fileID: 0}
--- !u!1 &3892218397985295601 stripped
GameObject:
  m_CorrespondingSourceObject: {fileID: 311715902511550370, guid: cd0aaa3bafc04e04ba74166235a4f38d,
    type: 3}
  m_PrefabInstance: {fileID: 3892218397985295599}
  m_PrefabAsset: {fileID: 0}
--- !u!65 &3892218397985295602
BoxCollider:
  m_ObjectHideFlags: 0
  m_CorrespondingSourceObject: {fileID: 0}
  m_PrefabInstance: {fileID: 0}
  m_PrefabAsset: {fileID: 0}
  m_GameObject: {fileID: 3892218397985295600}
  m_Material: {fileID: 0}
  m_IsTrigger: 1
  m_Enabled: 1
  serializedVersion: 2
  m_Size: {x: 0.49, y: 0.49, z: 0.2}
  m_Center: {x: 0, y: 0, z: 0}
--- !u!65 &3892218397985295603
BoxCollider:
  m_ObjectHideFlags: 0
  m_CorrespondingSourceObject: {fileID: 0}
  m_PrefabInstance: {fileID: 0}
  m_PrefabAsset: {fileID: 0}
  m_GameObject: {fileID: 3892218397985295601}
  m_Material: {fileID: 0}
  m_IsTrigger: 1
  m_Enabled: 1
  serializedVersion: 2
  m_Size: {x: 0.49, y: 0.5, z: 0.2}
  m_Center: {x: 0, y: 0, z: 0}
--- !u!4 &3892218397985295604 stripped
Transform:
  m_CorrespondingSourceObject: {fileID: 3324590906551121894, guid: cd0aaa3bafc04e04ba74166235a4f38d,
    type: 3}
  m_PrefabInstance: {fileID: 3892218397985295599}
  m_PrefabAsset: {fileID: 0}
--- !u!114 &3892218397985295605
MonoBehaviour:
  m_ObjectHideFlags: 0
  m_CorrespondingSourceObject: {fileID: 0}
  m_PrefabInstance: {fileID: 0}
  m_PrefabAsset: {fileID: 0}
  m_GameObject: {fileID: 3892218397985295600}
  m_Enabled: 1
  m_EditorHideFlags: 0
  m_Script: {fileID: 11500000, guid: 328f0cd02381d4c479c27c1df30ff600, type: 3}
  m_Name: 
  m_EditorClassIdentifier: 
  tiempo: 2
  idBoton: 2
  intensidadLuz: 0
  luz: {fileID: 642420767}
  Desactivando: 0
  Desactivado: 0
  Sonido: {fileID: 0}
  controlador: {fileID: 189754018}
--- !u!4 &3892218397985295607 stripped
Transform:
  m_CorrespondingSourceObject: {fileID: 3288316627376590655, guid: cd0aaa3bafc04e04ba74166235a4f38d,
    type: 3}
  m_PrefabInstance: {fileID: 3892218397985295599}
  m_PrefabAsset: {fileID: 0}
--- !u!114 &3892218397985295608
MonoBehaviour:
  m_ObjectHideFlags: 0
  m_CorrespondingSourceObject: {fileID: 0}
  m_PrefabInstance: {fileID: 0}
  m_PrefabAsset: {fileID: 0}
  m_GameObject: {fileID: 3892218397985295601}
  m_Enabled: 1
  m_EditorHideFlags: 0
  m_Script: {fileID: 11500000, guid: 328f0cd02381d4c479c27c1df30ff600, type: 3}
  m_Name: 
  m_EditorClassIdentifier: 
  tiempo: 2
  idBoton: 1
  intensidadLuz: 0
  luz: {fileID: 1064958798}
  Desactivando: 0
  Desactivado: 0
  Sonido: {fileID: 0}
  controlador: {fileID: 189754018}
--- !u!1001 &4906569112222691930
PrefabInstance:
  m_ObjectHideFlags: 0
  serializedVersion: 2
  m_Modification:
    m_TransformParent: {fileID: 0}
    m_Modifications:
    - target: {fileID: 4409384037393977843, guid: 4764bb45a9c4b6c459dbc7474aacee83,
        type: 3}
      propertyPath: m_Layer
      value: 13
      objectReference: {fileID: 0}
    - target: {fileID: 4906569112114844148, guid: 4764bb45a9c4b6c459dbc7474aacee83,
        type: 3}
      propertyPath: m_Name
      value: Planos
      objectReference: {fileID: 0}
    - target: {fileID: 4906569112114844149, guid: 4764bb45a9c4b6c459dbc7474aacee83,
        type: 3}
      propertyPath: m_LocalPosition.x
      value: -3.660168
      objectReference: {fileID: 0}
    - target: {fileID: 4906569112114844149, guid: 4764bb45a9c4b6c459dbc7474aacee83,
        type: 3}
      propertyPath: m_LocalPosition.y
      value: 3.1199672
      objectReference: {fileID: 0}
    - target: {fileID: 4906569112114844149, guid: 4764bb45a9c4b6c459dbc7474aacee83,
        type: 3}
      propertyPath: m_LocalPosition.z
      value: -9.406201
      objectReference: {fileID: 0}
    - target: {fileID: 4906569112114844149, guid: 4764bb45a9c4b6c459dbc7474aacee83,
        type: 3}
      propertyPath: m_LocalRotation.x
      value: 0
      objectReference: {fileID: 0}
    - target: {fileID: 4906569112114844149, guid: 4764bb45a9c4b6c459dbc7474aacee83,
        type: 3}
      propertyPath: m_LocalRotation.y
      value: 0
      objectReference: {fileID: 0}
    - target: {fileID: 4906569112114844149, guid: 4764bb45a9c4b6c459dbc7474aacee83,
        type: 3}
      propertyPath: m_LocalRotation.z
      value: 0
      objectReference: {fileID: 0}
    - target: {fileID: 4906569112114844149, guid: 4764bb45a9c4b6c459dbc7474aacee83,
        type: 3}
      propertyPath: m_LocalRotation.w
      value: 1
      objectReference: {fileID: 0}
    - target: {fileID: 4906569112114844149, guid: 4764bb45a9c4b6c459dbc7474aacee83,
        type: 3}
      propertyPath: m_RootOrder
      value: 4
      objectReference: {fileID: 0}
    - target: {fileID: 4906569112114844149, guid: 4764bb45a9c4b6c459dbc7474aacee83,
        type: 3}
      propertyPath: m_LocalEulerAnglesHint.x
      value: 0
      objectReference: {fileID: 0}
    - target: {fileID: 4906569112114844149, guid: 4764bb45a9c4b6c459dbc7474aacee83,
        type: 3}
      propertyPath: m_LocalEulerAnglesHint.y
      value: 0
      objectReference: {fileID: 0}
    - target: {fileID: 4906569112114844149, guid: 4764bb45a9c4b6c459dbc7474aacee83,
        type: 3}
      propertyPath: m_LocalEulerAnglesHint.z
      value: 0
      objectReference: {fileID: 0}
    - target: {fileID: 4906569112420835287, guid: 4764bb45a9c4b6c459dbc7474aacee83,
        type: 3}
      propertyPath: m_Layer
      value: 19
      objectReference: {fileID: 0}
    - target: {fileID: 4906569113132240906, guid: 4764bb45a9c4b6c459dbc7474aacee83,
        type: 3}
      propertyPath: m_Layer
      value: 12
      objectReference: {fileID: 0}
    m_RemovedComponents: []
  m_SourcePrefab: {fileID: 100100000, guid: 4764bb45a9c4b6c459dbc7474aacee83, type: 3}
--- !u!4 &4906569112222691931 stripped
Transform:
  m_CorrespondingSourceObject: {fileID: 4906569112114844149, guid: 4764bb45a9c4b6c459dbc7474aacee83,
    type: 3}
  m_PrefabInstance: {fileID: 4906569112222691930}
  m_PrefabAsset: {fileID: 0}
--- !u!1001 &6245029837480627423
PrefabInstance:
  m_ObjectHideFlags: 0
  serializedVersion: 2
  m_Modification:
    m_TransformParent: {fileID: 0}
    m_Modifications:
    - target: {fileID: 6245029838298671558, guid: eb9b2ba5b5baafc4e9b2076457964758,
        type: 3}
      propertyPath: m_LocalPosition.x
      value: 0
      objectReference: {fileID: 0}
    - target: {fileID: 6245029838298671558, guid: eb9b2ba5b5baafc4e9b2076457964758,
        type: 3}
      propertyPath: m_LocalPosition.y
      value: 0
      objectReference: {fileID: 0}
    - target: {fileID: 6245029838298671558, guid: eb9b2ba5b5baafc4e9b2076457964758,
        type: 3}
      propertyPath: m_LocalPosition.z
      value: 0
      objectReference: {fileID: 0}
    - target: {fileID: 6245029838298671558, guid: eb9b2ba5b5baafc4e9b2076457964758,
        type: 3}
      propertyPath: m_LocalRotation.x
      value: 0
      objectReference: {fileID: 0}
    - target: {fileID: 6245029838298671558, guid: eb9b2ba5b5baafc4e9b2076457964758,
        type: 3}
      propertyPath: m_LocalRotation.y
      value: 0
      objectReference: {fileID: 0}
    - target: {fileID: 6245029838298671558, guid: eb9b2ba5b5baafc4e9b2076457964758,
        type: 3}
      propertyPath: m_LocalRotation.z
      value: 0
      objectReference: {fileID: 0}
    - target: {fileID: 6245029838298671558, guid: eb9b2ba5b5baafc4e9b2076457964758,
        type: 3}
      propertyPath: m_LocalRotation.w
      value: 1
      objectReference: {fileID: 0}
    - target: {fileID: 6245029838298671558, guid: eb9b2ba5b5baafc4e9b2076457964758,
        type: 3}
      propertyPath: m_RootOrder
      value: 6
      objectReference: {fileID: 0}
    - target: {fileID: 6245029838298671558, guid: eb9b2ba5b5baafc4e9b2076457964758,
        type: 3}
      propertyPath: m_LocalEulerAnglesHint.x
      value: 0
      objectReference: {fileID: 0}
    - target: {fileID: 6245029838298671558, guid: eb9b2ba5b5baafc4e9b2076457964758,
        type: 3}
      propertyPath: m_LocalEulerAnglesHint.y
      value: 0
      objectReference: {fileID: 0}
    - target: {fileID: 6245029838298671558, guid: eb9b2ba5b5baafc4e9b2076457964758,
        type: 3}
      propertyPath: m_LocalEulerAnglesHint.z
      value: 0
      objectReference: {fileID: 0}
    - target: {fileID: 6245029838298671559, guid: eb9b2ba5b5baafc4e9b2076457964758,
        type: 3}
      propertyPath: m_Name
      value: LuzGeneralFacil
      objectReference: {fileID: 0}
    m_RemovedComponents: []
  m_SourcePrefab: {fileID: 100100000, guid: eb9b2ba5b5baafc4e9b2076457964758, type: 3}
--- !u!1001 &9155346744306835654
PrefabInstance:
  m_ObjectHideFlags: 0
  serializedVersion: 2
  m_Modification:
    m_TransformParent: {fileID: 4906569112222691931}
    m_Modifications:
    - target: {fileID: 9155346743645598532, guid: ad2b36b1771742b43878e122a1f979d3,
        type: 3}
      propertyPath: m_LocalPosition.x
      value: 3.660168
      objectReference: {fileID: 0}
    - target: {fileID: 9155346743645598532, guid: ad2b36b1771742b43878e122a1f979d3,
        type: 3}
      propertyPath: m_LocalPosition.y
      value: -3.1199672
      objectReference: {fileID: 0}
    - target: {fileID: 9155346743645598532, guid: ad2b36b1771742b43878e122a1f979d3,
        type: 3}
      propertyPath: m_LocalPosition.z
      value: 7.4062014
      objectReference: {fileID: 0}
    - target: {fileID: 9155346743645598532, guid: ad2b36b1771742b43878e122a1f979d3,
        type: 3}
      propertyPath: m_LocalRotation.x
      value: 0.00000013808203
      objectReference: {fileID: 0}
    - target: {fileID: 9155346743645598532, guid: ad2b36b1771742b43878e122a1f979d3,
        type: 3}
      propertyPath: m_LocalRotation.y
      value: -0.70710677
      objectReference: {fileID: 0}
    - target: {fileID: 9155346743645598532, guid: ad2b36b1771742b43878e122a1f979d3,
        type: 3}
      propertyPath: m_LocalRotation.z
      value: 0.7071068
      objectReference: {fileID: 0}
    - target: {fileID: 9155346743645598532, guid: ad2b36b1771742b43878e122a1f979d3,
        type: 3}
      propertyPath: m_LocalRotation.w
      value: -0.00000013274551
      objectReference: {fileID: 0}
    - target: {fileID: 9155346743645598532, guid: ad2b36b1771742b43878e122a1f979d3,
        type: 3}
      propertyPath: m_RootOrder
      value: 3
      objectReference: {fileID: 0}
    - target: {fileID: 9155346743645598532, guid: ad2b36b1771742b43878e122a1f979d3,
        type: 3}
      propertyPath: m_LocalEulerAnglesHint.x
      value: -270
      objectReference: {fileID: 0}
    - target: {fileID: 9155346743645598532, guid: ad2b36b1771742b43878e122a1f979d3,
        type: 3}
      propertyPath: m_LocalEulerAnglesHint.y
      value: 180
      objectReference: {fileID: 0}
    - target: {fileID: 9155346743645598532, guid: ad2b36b1771742b43878e122a1f979d3,
        type: 3}
      propertyPath: m_LocalEulerAnglesHint.z
      value: -0.000015258789
      objectReference: {fileID: 0}
    - target: {fileID: 9155346743645598534, guid: ad2b36b1771742b43878e122a1f979d3,
        type: 3}
      propertyPath: m_Materials.Array.data[0]
      value: 
      objectReference: {fileID: 2100000, guid: 03273cb52e541b64f8dceed45183e5da, type: 2}
    - target: {fileID: 9155346743645598648, guid: ad2b36b1771742b43878e122a1f979d3,
        type: 3}
      propertyPath: m_Name
      value: Plano_simon_facil
      objectReference: {fileID: 0}
    - target: {fileID: 9155346743645598648, guid: ad2b36b1771742b43878e122a1f979d3,
        type: 3}
      propertyPath: m_Layer
      value: 16
      objectReference: {fileID: 0}
    - target: {fileID: 9155346743645598649, guid: ad2b36b1771742b43878e122a1f979d3,
        type: 3}
      propertyPath: m_Convex
      value: 1
      objectReference: {fileID: 0}
    m_RemovedComponents: []
  m_SourcePrefab: {fileID: 100100000, guid: ad2b36b1771742b43878e122a1f979d3, type: 3}
